:20:STARTUMS
:25:25040090/3312345678
:28C:00085/001
:60F:C181205EUR3521767,21
:61:1812051205D7606,88NTRF6111397130480   //D11139HMUC713048
:86:020?00UEBERWEISUNGSAUFTRAG?1020004?20/BULK PAYMENTS.23
?21SAMMELAUFTRAG 6111397130480?3070120700
?3101001292448?32SAMMELAUFTRAG
:61:1812051205D5109,06NTRF6111397153030   //D11139HMUC715303
:86:020?00UEBERWEISUNGSAUFTRAG?1020004?20LV 754 5202
HERBERT?21SCHUPFNER?3070050000    ?3100000024022?32E-BAY,
VERSICHERUNGSVERBAND
:61:1812051205D1426,04NTRF6111397130720   //D11139HMUC713072
:86:020?00UEBERWEISUNGSAUFTRAG?1020004?20/BULK PAYMENTS.5
?21SAMMELAUFTRAG 6111397130720?3070120700
?3101001292448?32SAMMELAUFTRAG
:61:1812051205D60,07NMSCNONREF          //1113980300004696
:86:835?00SEPA CT SAMMLER (BEL.)?1021454?20UEBERWEISUNG EL.
ST.2 ?21CCTI/VRNWSW/8A1D
:61:1812051205D59,29NMSC0139003058560   //D11139CEMZ706050
:86:004?00LASTSCHRIFT/ABBUCH. AUFTRAG?1020001?20ZAHLUNGSBELEG
207076026960?21IHRE
KONTONR.00222223518?2210468266012701/04.05.2011?3070020270?31006
67302269?32TELEKOM D GMBH, MOBILFUNK
:62M:C181205EUR3507505,87
-
